@manual{RISCVUserISA,
    title        = "The RISC-V Instruction Set Manual Volume I: Unprivileged ISA",
    version      = "20190608-Base-Ratified",
    organization = "RISC-V Foundation",
    month        = "mar",
    year         = "2019",
    note         = "Disponivel em: <https://riscv.org//wp-content/uploads/2019/06/riscv-spec.pdf>. Acessado em: 29 set. 2020"
}
