@misc{MarzOS,
  title = {The Adventures of OS - RISC OS using Rust: Block Driver},
  author = "Stephen Marz",
  howpublished = {\url{https://osblog.stephenmarz.com/ch9.html}},
  note = {Accessed: 2020-10-01}
}

@manual{RISCVUserISA,
    title        = "The RISC-V Instruction Set Manual Volume I: Unprivileged ISA",
    version      = "20190608-Base-Ratified",
    organization = "RISC-V Foundation",
    month        = "mar",
    year         = "2019",
    note         = "Disponivel em: {\url{https://riscv.org//wp-content/uploads/2019/06/riscv-spec.pdf}}. Acessado em: 29 set. 2020"
}

@manual{virtioPaper,
  title        = "virtio: Towards a De-Facto Standard For Virtual I/O Devices",
  author       = "Rusty Russell",
  note         = "Disponível em {\url{https://www.ozlabs.org/~rusty/virtio-spec/virtio-paper.pdf}}. Acessado em 1 Out. 2020"
}

@manual{virtioManual,
  title        = "Virtual I/O Device (VIRTIO)",
  version      = "1.1",
  month        = "abr",
  year         = "2019",
  note         = "Disponível em {\url{https://docs.oasis-open.org/virtio/virtio/v1.1/cs01/virtio-v1.1-cs01.pdf}}. Acessado em 10 Out. 2020"
}